@TechReport{las-2020-book-python,
  author =	 {von Laszewski, Gregor},
  title =	 {{Python for Cloud Computing}},
  institution =	 {Indiana University},
  year =	 2020,
  type =	 {Online Book},
  address =	 {Bloomington IN, U.S.A.},
  month =	 feb,
  comment =	 {TODO},
  url =
                  {https://cloudmesh-community.github.io/pub/vonLaszewski-python.pdf}
}

@TechReport{las-2020-book-linux,
  author =	 {von Laszewski, Gregor},
  title =	 {{Linux for Cloud Computing}},
  institution =	 {Indiana University},
  year =	 2020,
  type =	 {Online Book},
  address =	 {Bloomington IN, U.S.A.},
  month =	 feb,
  comment =	 {TODO},
  url =
                  {https://cloudmesh-community.github.io/pub/vonLaszewski-linux.pdf}
}
