/home/green/Desktop/github/laszewski/laszewski.github.io/vonLaszewski-jabref.bib